@thesis{tapia,
   abstract = {Universidad de Sevilla. Máster Universitario en Ingeniería Electrónica, Robótica y Automática},
   author = {Jorge Andrés Tapia Herrera and Luis Fernando Castaño Castaño},
   keywords = {Posicionado semiautomático,Robótica,info:eu-repo/semantics/masterThesis},
   title = {Control de equipo de posicionado de piezas semiautomático en zona de trabajo de robot},
   url = {https://idus.us.es/handle/11441/81879},
   year = {2018},
}
@thesis{rea,
   abstract = {Universidad de Sevilla. Master en Ingeniería Electrónica, Robótica y Automática},
   author = {Mauricio Hinojosa Rea and Luis Fernando Castaño Castaño and David Muñoz de la Peña Sequedo},
   keywords = {info:eu,repo/semantics/masterThesis},
   title = {Conexión de RobotStudio y Arduino mediante TCP/IP para la recolección y envío de datos de posicionamiento de cinta transportadora},
   url = {https://idus.us.es/handle/11441/93143},
   year = {2019},
}
